@book{Luksa2018,
author = {Luksa, Marko},
file = {:C$\backslash$:/Users/cml/Desktop/Thesis/literature/{\_}BOOKS/Kubernetes in Action-Manning Publications.pdf:pdf},
isbn = {9781617293726},
pages = {628},
publisher = {Manning Publications Co.},
title = {{Kubernetes in Action}},
year = {2018}
}
